%@article{einstein,
%  author =       "Albert Einstein",
%  title =        "{Zur Elektrodynamik bewegter K{\"o}rper}. ({German})
%  journal =      "Annalen der Physik",
%  volume =       "322",
%  number =       "10",
%  pages =        "891--921",
%  year =         "1905",
%  DOI =          "http://dx.doi.org/10.1002/andp.19053221004",
%  keywords =     "physics"
%}

@inbook{esp32_monitoring,
    author = "Fausto Pedro and García Márquez",
    title = "Internet of Things",
    publisher = "BoD – Books on Demand",
    year = "2021",
    chapter = "6",
    url={https://books.google.nl/books?hl=nl&lr=&id=fX4_EAAAQBAJ&oi=fnd&pg=PA81&dq=uses+of+esp32&ots=R11eQrfCrg&sig=iDBXasQ_x4qH-kJY1GhOnaUhZTA#v=onepage&q&f=false}
}

@online{FlashingESP32,
    author    = "Francesco Colasante",
    title     = "How to flash an ESP32 on production",
    url       = "https://colasante-francesco.medium.com/how-to-flash-an-esp32-on-production-5bea17bcdc15",
    released = "2021"
}
@INPROCEEDINGS{SmartHome_review,  author={Suresh, Shruthi and Sruthi, P V},  booktitle={2015 Online International Conference on Green Engineering and Technologies (IC-GET)},   title={A review on smart home technology},   year={2015},  volume={},  number={},  pages={1-3},  doi={10.1109/GET.2015.7453832}}

@ARTICLE{SurveySmartHome,  author={Komninos, Nikos and Philippou, Eleni and Pitsillides, Andreas},  journal={IEEE Communications Surveys \& Tutorials},   title={Survey in Smart Grid and Smart Home Security: Issues, Challenges and Countermeasures},   year={2014},  volume={16},  number={4},  pages={1933-1954},  doi={10.1109/COMST.2014.2320093}}

@INPROCEEDINGS{SmartHomecompare,  author={Hasan, Mehedi and Biswas, Parag and Bilash, MD Toufiqul Islam and Dipto, Md. Ashik Zafar},  booktitle={2018 Fourth International Conference on Research in Computational Intelligence and Communication Networks (ICRCICN)},   title={Smart Home Systems: Overview and Comparative Analysis},   year={2018},  volume={},  number={},  pages={264-268},  doi={10.1109/ICRCICN.2018.8718722}}

@ARTICLE{SmartHomePhylosophical,
author = {Gram-Hanssen, Kirsten and Darby, Sarah j.},
booktitle ={Energy Research & Social Science},
title={“Home is where the smart is”? Evaluating smart home research and approaches against the concept of home},
year={2018},
volume={37},
number={},
pages={94-101},
doi={https://doi.org/10.1016/j.erss.2017.09.037}}

@INPROCEEDINGS{SmartHomeTech,  author={Ricquebourg, Vincent and Menga, David and Durand, David and Marhic, Bruno and Delahoche, Laurent and Loge, Christophe},  booktitle={2006 1ST IEEE International Conference on E-Learning in Industrial Electronics},   title={The Smart Home Concept : our immediate future},   year={2006},  volume={},  number={},  pages={23-28},  doi={10.1109/ICELIE.2006.347206}}